<record><leader>00000cas a2200000 a 4500</leader><controlfield tag="001">9595354</controlfield><controlfield tag="008">830610d17951796mauwr ne      0    0eng c</controlfield><datafield ind1=" " ind2=" " tag="010"><subfield code="a">sn 83020857 </subfield></datafield><datafield ind1=" " ind2=" " tag="040"><subfield code="a">NPX</subfield><subfield code="b">eng</subfield><subfield code="c">NPX</subfield><subfield code="d">NPA</subfield><subfield code="d">NPU</subfield><subfield code="d">DLC</subfield><subfield code="d">NJW</subfield><subfield code="d">DLC</subfield><subfield code="d">KNP</subfield><subfield code="d">MGN</subfield><subfield code="d">HUL</subfield><subfield code="d">TGN</subfield><subfield code="d">OCL</subfield><subfield code="d">CVF</subfield><subfield code="d">NYS</subfield><subfield code="d">OCLCG</subfield><subfield code="d">BUF</subfield><subfield code="d">KRTAS</subfield><subfield code="d">OCLCQ</subfield><subfield code="d">OCLCF</subfield><subfield code="d">OCLCO</subfield></datafield><datafield ind1="1" ind2=" " tag="029"><subfield code="a">AU@</subfield><subfield code="b">000020343619</subfield></datafield><datafield ind1=" " ind2=" " tag="042"><subfield code="a">pcc</subfield></datafield><datafield ind1=" " ind2=" " tag="043"><subfield code="a">n-us-ma</subfield></datafield><datafield ind1="0" ind2="0" tag="050"><subfield code="a">Newspaper</subfield></datafield><datafield ind1="1" ind2="4" tag="050"><subfield code="a">AP2.A2</subfield><subfield code="b">A63 Box 116</subfield></datafield><datafield ind1="0" ind2="4" tag="245"><subfield code="a">The Moral and political telegraphe ; or, Brookfield advertiser.</subfield></datafield><datafield ind1="3" ind2="0" tag="246"><subfield code="a">Brookfield advertiser</subfield></datafield><datafield ind1=" " ind2=" " tag="260"><subfield code="a">Brookfield, Mass. :</subfield><subfield code="b">E.H. Waldo,</subfield><subfield code="c">1795-1796.</subfield></datafield><datafield ind1=" " ind2=" " tag="300"><subfield code="a">2 v. ;</subfield><subfield code="c">47 cm.</subfield></datafield><datafield ind1=" " ind2=" " tag="310"><subfield code="a">Weekly</subfield></datafield><datafield ind1="0" ind2=" " tag="362"><subfield code="a">Vol. 1, no. 31 (May 6, 1795)-v. 2, no. 98 (Aug. 17, 1796).</subfield></datafield><datafield ind1=" " ind2=" " tag="500"><subfield code="a">"Utile Miscere Dulci, Primum Mobile Nobis-- To raise the Genius and to mend the heart--Pope."</subfield></datafield><datafield ind1=" " ind2=" " tag="515"><subfield code="a">Continues numbering of: Worcester County intelligencer, or, Brookfield advertiser.</subfield></datafield><datafield ind1=" " ind2=" " tag="515"><subfield code="a">Vol. 1, no. 46 (Aug. 19, 1795) numbered v. 1, no. 49; v. 2, no. 64 (Dec. 23, 1795) numbered v. 2, no. 67; v. 2, no. 92 (July 6, 1796) numbered v. 2, no. 91.</subfield></datafield><datafield ind1=" " ind2=" " tag="530"><subfield code="a">Also issued on microform from Readex Microprint Corp.</subfield></datafield><datafield ind1=" " ind2="0" tag="651"><subfield code="a">Brookfield (Mass. : Town)</subfield><subfield code="v">Newspapers.</subfield></datafield><datafield ind1=" " ind2="0" tag="651"><subfield code="a">Worcester County (Mass.)</subfield><subfield code="v">Newspapers.</subfield></datafield><datafield ind1=" " ind2="7" tag="655"><subfield code="a">Newspapers.</subfield><subfield code="2">fast</subfield><subfield code="0">(OCoLC)fst01423814</subfield></datafield><datafield ind1=" " ind2="7" tag="651"><subfield code="a">Massachusetts</subfield><subfield code="z">Brookfield (Town)</subfield><subfield code="2">fast</subfield><subfield code="0">(OCoLC)fst01331435</subfield></datafield><datafield ind1=" " ind2="7" tag="651"><subfield code="a">Massachusetts</subfield><subfield code="z">Worcester County.</subfield><subfield code="2">fast</subfield><subfield code="0">(OCoLC)fst01218226</subfield></datafield><datafield ind1="1" ind2=" " tag="700"><subfield code="a">Waldo, Elisha Hurlbut,</subfield><subfield code="d">1773-1801.</subfield></datafield><datafield ind1=" " ind2=" " tag="752"><subfield code="a">United States</subfield><subfield code="b">Massachusetts</subfield><subfield code="c">Worcester</subfield><subfield code="d">Brookfield.</subfield></datafield><datafield ind1="0" ind2=" " tag="776"><subfield code="c">Microprint</subfield><subfield code="t">Moral and political telegraphe</subfield><subfield code="d">Readex, a division of Newsbank, Inc.</subfield><subfield code="k">Early American newspapers</subfield><subfield code="w">(OCoLC)4827803</subfield></datafield><datafield ind1="0" ind2="0" tag="780"><subfield code="t">Worcester County intelligencer, or, Brookfield advertiser</subfield><subfield code="w">(DLC)sn 83020856</subfield><subfield code="w">(OCoLC)9595263</subfield></datafield><datafield ind1=" " ind2=" " tag="850"><subfield code="a">MH</subfield></datafield><datafield ind1=" " ind2=" " tag="938"><subfield code="a">Kirtas Technologies, Inc.</subfield><subfield code="b">KRTS</subfield><subfield code="n">736863</subfield></datafield></record>